@misc{quora,
  author = "Kaggle",
  title = "{Quora Question Pairs}",
  year = "2007",
  url = "\url{https://www.kaggle.com/competitions/quora-question-pairs/data}",
  note = "[Online; accessed 27-5-2022]"
}
@misc{augmentation,
  doi = {10.48550/ARXIV.1901.11196},
  url = {https://arxiv.org/abs/1901.11196},
  author = {Wei, Jason and Zou, Kai},
  keywords = {Computation and Language (cs.CL), FOS: Computer and information sciences, FOS: Computer and information sciences},
  title = {EDA: Easy Data Augmentation Techniques for Boosting Performance on Text Classification Tasks},
  publisher = {arXiv},
  year = {2019},
  copyright = {arXiv.org perpetual, non-exclusive license}
}
@misc{wordnet,
  author = "NLTK",
  title = "{Sample usage for wordnet}",
  year = "2022",
  url = "\url{https://www.nltk.org/howto/wordnet.html}",
  note = "[Online; accessed 27-5-2022]"
}
@misc{stop_words,
  author = "Wikipedia",
  title = "Stop word",
  year = "2021",
  url = "\url{https://en.wikipedia.org/wiki/Stop_word}",
  note = "[Online; accessed 27-5-2022]"
}
@misc{transformers,
  author = "Hugging Face",
  title = "transformers",
  year = "2022",
  url = "\url{https://github.com/huggingface/transformers}",
  note = "[Online; accessed 28-5-2022]"
}